

@misc{bpb:medien,
author = {Branahl, Udo and Donges, Patrick },
title = {Warum Medien wichtig sind: Funktionen in der Demokratie},
month = jun,
year = {2011},
organization = {Bundeszentrale f\"ur politische Bildung},
howpublished = {\url{http://www.bpb.de/izpb/7492/warum-medien-wichtig-sind-funktionen-in-der-demokratie?p=all}}
}

@misc{lobby,
author = {Freund, Daniel},
title = {EU Integrity Watch Brussels lobbying in numbers},
month = jun,
year = {2015},
organization = {Transparency International EU office},
howpublished = {\url{http://www.transparencyinternational.eu/wp-content/uploads/2015/06/23-06-2015-EU-Integrity-Watch-Launch-Press-Pack.pdf}}
}