@Misc{hpcDies,
  Title        = {HPC is dying, and MPI is killing it},
  Author       = {Jonathan Dursi},
  HowPublished = {\url{http://www.dursi.ca/hpc-is-dying-and-mpi-is-killing-it/}}
}
@phdthesis{Kunkel13,
    author = {Julian Martin Kunkel},
    title = {Simulation of Parallel Programs on Application and System
Level},
    school = {Universit√§t Hamburg},
    year = {2013},
    address = {Von-Melle-Park 3, 20146 Hamburg},
    language = {eng},
    URL = {http://ediss.sub.uni-hamburg.de/volltexte/2013/6264},
}
