@Thesis{europData,
    author	=     {Neumer, Werner},
    title	=     {{Die Drittstaatenregelung im europ\"aischen Datenschutzrecht}},
    school  =     {Universit√§t Hamburg},
    year    =     {2012},
}