@Thesis{europData,
    author	=     {Neumer, Werner},
    title	=     {{Die Drittstaatenregelung im europ\"aischen Datenschutzrecht}},
    school  =     {Universität Hamburg},
    year    =     {2012},
}

@ONLINE{quartz:inetvfb,
author = {Lee, Jason},
title = {Millions of Facebook users have no idea they’re using the internet},
month = feb,
year = {2015},
url = {http://qz.com/333313/milliions-of-facebook-users-have-no-idea-theyre-using-the-internet/}
}